<?xml version="1.0" encoding="UTF-8" standalone="yes"?>
<bibs total_record_count="1">
    <bib>
        <mms_id>99227515206421</mms_id>
        <record_format>marc21</record_format>
        <linked_record_id/>
        <title>Blue of noon /</title>
        <author>Bataille, Georges,</author>
        <isbn>9780714528502</isbn>
        <network_numbers>
            <network_number>(OCoLC)ocm12970949</network_number>
            <network_number>(OCoLC)12970949</network_number>
            <network_number>(OCoLC)786708585</network_number>
        </network_numbers>
        <place_of_publication>London ; New York :</place_of_publication>
        <date_of_publication>1986.</date_of_publication>
        <publisher_const>M Boyars,</publisher_const>
        <holdings link="https://api-na.hosted.exlibrisgroup.com/almaws/v1/bibs/99227515206421/holdings"/>
        <created_by>AlmaAdmin</created_by>
        <created_date>2020-07-31Z</created_date>
        <last_modified_by>AlmaAdmin</last_modified_by>
        <last_modified_date>2020-07-31Z</last_modified_date>
        <suppress_from_publishing>false</suppress_from_publishing>
        <suppress_from_external_search>false</suppress_from_external_search>
        <sync_with_oclc>BIBS</sync_with_oclc>
        <sync_with_libraries_australia>NONE</sync_with_libraries_australia>
        <originating_system>WorldCat</originating_system>
        <originating_system_id>ocm12970949</originating_system_id>
        <cataloging_level desc="Default Level">00</cataloging_level>
        <record>
            <leader>02049cam a2200577 a 4500</leader>
            <controlfield tag="001">99227515206421</controlfield>
            <controlfield tag="005">20200731113024.0</controlfield>
            <controlfield tag="007">ta</controlfield>
            <controlfield tag="008">851017s1986    enk           000 1 eng  </controlfield>
            <datafield ind1=" " ind2=" " tag="010">
                <subfield code="a">   85026940 </subfield>
            </datafield>
            <datafield ind1=" " ind2=" " tag="019">
                <subfield code="a">786708585</subfield>
            </datafield>
            <datafield ind1=" " ind2=" " tag="020">
                <subfield code="a">0714526835</subfield>
            </datafield>
            <datafield ind1=" " ind2=" " tag="020">
                <subfield code="a">9780714526836</subfield>
            </datafield>
            <datafield ind1=" " ind2=" " tag="020">
                <subfield code="a">0714528501</subfield>
                <subfield code="q">(pbk.)</subfield>
            </datafield>
            <datafield ind1=" " ind2=" " tag="020">
                <subfield code="a">9780714528502</subfield>
                <subfield code="q">(pbk.)</subfield>
            </datafield>
            <datafield ind1="1" ind2=" " tag="029">
                <subfield code="a">AU@</subfield>
                <subfield code="b">000004389986</subfield>
            </datafield>
            <datafield ind1="1" ind2=" " tag="029">
                <subfield code="a">NZ1</subfield>
                <subfield code="b">3374480</subfield>
            </datafield>
            <datafield ind1="1" ind2=" " tag="029">
                <subfield code="a">NZ1</subfield>
                <subfield code="b">569814</subfield>
            </datafield>
            <datafield ind1="1" ind2=" " tag="029">
                <subfield code="a">SE4M6</subfield>
                <subfield code="b">931756081</subfield>
            </datafield>
            <datafield ind1="1" ind2=" " tag="029">
                <subfield code="a">UNITY</subfield>
                <subfield code="b">111369193</subfield>
            </datafield>
            <datafield ind1=" " ind2=" " tag="035">
                <subfield code="a">(OCoLC)12970949</subfield>
                <subfield code="z">(OCoLC)786708585</subfield>
            </datafield>
            <datafield ind1=" " ind2=" " tag="035">
                <subfield code="a">(OCoLC)ocm12970949 </subfield>
            </datafield>
            <datafield ind1=" " ind2=" " tag="040">
                <subfield code="a">DLC</subfield>
                <subfield code="b">eng</subfield>
                <subfield code="c">DLC</subfield>
                <subfield code="d">OCL</subfield>
                <subfield code="d">BTCTA</subfield>
                <subfield code="d">YDXCP</subfield>
                <subfield code="d">OCLCG</subfield>
                <subfield code="d">NLE</subfield>
                <subfield code="d">VRC</subfield>
                <subfield code="d">BDX</subfield>
                <subfield code="d">OCLCA</subfield>
                <subfield code="d">OCLCF</subfield>
                <subfield code="d">OCLCQ</subfield>
                <subfield code="d">OCLCO</subfield>
                <subfield code="d">OCLCQ</subfield>
                <subfield code="d">SE4M6</subfield>
                <subfield code="d">OCLCQ</subfield>
                <subfield code="d">OCL</subfield>
                <subfield code="d">PAU</subfield>
                <subfield code="d">OCLCQ</subfield>
            </datafield>
            <datafield ind1="1" ind2=" " tag="041">
                <subfield code="a">eng</subfield>
                <subfield code="h">fre</subfield>
            </datafield>
            <datafield ind1=" " ind2=" " tag="043">
                <subfield code="a">e------</subfield>
                <subfield code="a">e-fr---</subfield>
            </datafield>
            <datafield ind1="0" ind2="0" tag="050">
                <subfield code="a">PQ2603.A695</subfield>
                <subfield code="b">B5513 1986</subfield>
            </datafield>
            <datafield ind1="0" ind2="0" tag="082">
                <subfield code="a">843/.912</subfield>
                <subfield code="2">19</subfield>
            </datafield>
            <datafield ind1=" " ind2=" " tag="084">
                <subfield code="a">L 783</subfield>
                <subfield code="2">utk</subfield>
            </datafield>
            <datafield ind1="1" ind2=" " tag="100">
                <subfield code="a">Bataille, Georges,</subfield>
                <subfield code="d">1897-1962.</subfield>
            </datafield>
            <datafield ind1="1" ind2="0" tag="240">
                <subfield code="a">Bleu du ciel.</subfield>
                <subfield code="l">English</subfield>
            </datafield>
            <datafield ind1="1" ind2="0" tag="245">
                <subfield code="a">Blue of noon /</subfield>
                <subfield code="c">Georges Bataille ; translated by Harry Mathews.</subfield>
            </datafield>
            <datafield ind1=" " ind2=" " tag="260">
                <subfield code="a">London ;</subfield>
                <subfield code="a">New York :</subfield>
                <subfield code="b">M. Boyars,</subfield>
                <subfield code="c">1986.</subfield>
            </datafield>
            <datafield ind1=" " ind2=" " tag="300">
                <subfield code="a">155 pages ;</subfield>
                <subfield code="c">22 cm</subfield>
            </datafield>
            <datafield ind1=" " ind2=" " tag="336">
                <subfield code="a">text</subfield>
                <subfield code="b">txt</subfield>
                <subfield code="2">rdacontent</subfield>
            </datafield>
            <datafield ind1=" " ind2=" " tag="337">
                <subfield code="a">unmediated</subfield>
                <subfield code="b">n</subfield>
                <subfield code="2">rdamedia</subfield>
            </datafield>
            <datafield ind1=" " ind2=" " tag="338">
                <subfield code="a">volume</subfield>
                <subfield code="b">nc</subfield>
                <subfield code="2">rdacarrier</subfield>
            </datafield>
            <datafield ind1=" " ind2="0" tag="650">
                <subfield code="a">Fascism</subfield>
                <subfield code="z">Europe</subfield>
                <subfield code="v">Fiction.</subfield>
            </datafield>
            <datafield ind1=" " ind2="0" tag="651">
                <subfield code="a">France</subfield>
                <subfield code="x">History</subfield>
                <subfield code="y">20th century</subfield>
                <subfield code="v">Fiction.</subfield>
            </datafield>
            <datafield ind1=" " ind2="7" tag="650">
                <subfield code="a">Fascism.</subfield>
                <subfield code="2">fast</subfield>
                <subfield code="0">(OCoLC)fst00921551</subfield>
            </datafield>
            <datafield ind1=" " ind2="7" tag="651">
                <subfield code="a">Europe.</subfield>
                <subfield code="2">fast</subfield>
                <subfield code="0">(OCoLC)fst01245064</subfield>
            </datafield>
            <datafield ind1=" " ind2="7" tag="651">
                <subfield code="a">France.</subfield>
                <subfield code="2">fast</subfield>
                <subfield code="0">(OCoLC)fst01204289</subfield>
            </datafield>
            <datafield ind1=" " ind2="7" tag="648">
                <subfield code="a">1900-1999</subfield>
                <subfield code="2">fast</subfield>
            </datafield>
            <datafield ind1=" " ind2="7" tag="655">
                <subfield code="a">Fiction.</subfield>
                <subfield code="2">fast</subfield>
                <subfield code="0">(OCoLC)fst01423787</subfield>
            </datafield>
            <datafield ind1=" " ind2="7" tag="655">
                <subfield code="a">History.</subfield>
                <subfield code="2">fast</subfield>
                <subfield code="0">(OCoLC)fst01411628</subfield>
            </datafield>
            <datafield ind1="0" ind2="8" tag="776">
                <subfield code="i">Online version:</subfield>
                <subfield code="a">Bataille, Georges, 1897-1962.</subfield>
                <subfield code="s">Bleu du ciel. English.</subfield>
                <subfield code="t">Blue of noon.</subfield>
                <subfield code="d">London ; New York : M. Boyars, 1986</subfield>
                <subfield code="w">(OCoLC)743250785</subfield>
            </datafield>
            <datafield ind1=" " ind2=" " tag="900">
                <subfield code="a">Copied from WorldCat</subfield>
            </datafield>
            <datafield ind1=" " ind2=" " tag="938">
                <subfield code="a">Brodart</subfield>
                <subfield code="b">BROD</subfield>
                <subfield code="n">35423781</subfield>
                <subfield code="c">$13.95</subfield>
            </datafield>
            <datafield ind1=" " ind2=" " tag="938">
                <subfield code="a">Baker and Taylor</subfield>
                <subfield code="b">BTCP</subfield>
                <subfield code="n">85026940</subfield>
                <subfield code="c">$13.95</subfield>
            </datafield>
            <datafield ind1=" " ind2=" " tag="938">
                <subfield code="a">YBP Library Services</subfield>
                <subfield code="b">YANK</subfield>
                <subfield code="n">592466</subfield>
            </datafield>
            <datafield ind1=" " ind2=" " tag="948">
                <subfield code="h">HELD BY PUL - 115 OTHER HOLDINGS</subfield>
            </datafield>
            <datafield ind1=" " ind2=" " tag="994">
                <subfield code="a">Z0</subfield>
                <subfield code="b">PUL</subfield>
            </datafield>
        </record>
        <requests>0</requests>
    </bib>
</bibs>